<record><leader>00000cas a22000007a 4500</leader><controlfield tag="001">15807888</controlfield><controlfield tag="008">870604d19111922inuwr ne      0   a0eng d</controlfield><datafield ind1=" " ind2=" " tag="010"><subfield code="a">sn 87056245 </subfield></datafield><datafield ind1=" " ind2=" " tag="040"><subfield code="a">NPI</subfield><subfield code="b">eng</subfield><subfield code="c">NPI</subfield><subfield code="d">OCLCQ</subfield><subfield code="d">DLC</subfield><subfield code="d">OCLCF</subfield></datafield><datafield ind1="0" ind2=" " tag="022"><subfield code="a">2332-4465</subfield><subfield code="2">1</subfield></datafield><datafield ind1=" " ind2=" " tag="042"><subfield code="a">msc</subfield><subfield code="a">nsdp</subfield></datafield><datafield ind1=" " ind2=" " tag="043"><subfield code="a">n-us-in</subfield></datafield><datafield ind1="0" ind2="0" tag="050"><subfield code="a">Newspaper</subfield></datafield><datafield ind1="0" ind2="0" tag="082"><subfield code="a">071</subfield><subfield code="2">23</subfield></datafield><datafield ind1="0" ind2=" " tag="130"><subfield code="a">Weekly Republican (Plymouth, Ind.)</subfield></datafield><datafield ind1=" " ind2="4" tag="222"><subfield code="a">The Weekly Republican</subfield><subfield code="b">(Plymouth, Ind. Print)</subfield></datafield><datafield ind1="1" ind2="4" tag="245"><subfield code="a">The weekly Republican.</subfield></datafield><datafield ind1=" " ind2=" " tag="260"><subfield code="a">Plymouth, Ind. :</subfield><subfield code="b">Samuel E. Boys,</subfield><subfield code="c">1911-1922.</subfield></datafield><datafield ind1=" " ind2=" " tag="310"><subfield code="a">Weekly</subfield></datafield><datafield ind1="0" ind2=" " tag="362"><subfield code="a">Vol. 56, no. 2 (Jan. 12, 1911)-v. 73, no. 29 (July 20, 1922).</subfield></datafield><datafield ind1=" " ind2=" " tag="515"><subfield code="a">Numbering does not continue from either of the preceeding titles.</subfield></datafield><datafield ind1=" " ind2=" " tag="530"><subfield code="a">Archived issues are available in digital format as part of the Library of Congress Chronicling America online collection.</subfield></datafield><datafield ind1=" " ind2=" " tag="580"><subfield code="a">Also published in a daily ed. called: The Plymouth daily Republican.</subfield></datafield><datafield ind1=" " ind2="0" tag="651"><subfield code="a">Plymouth (Ind.)</subfield><subfield code="v">Newspapers.</subfield></datafield><datafield ind1=" " ind2="7" tag="655"><subfield code="a">Newspapers.</subfield><subfield code="2">fast</subfield><subfield code="0">(OCoLC)fst01423814</subfield></datafield><datafield ind1=" " ind2="7" tag="651"><subfield code="a">Indiana</subfield><subfield code="z">Plymouth.</subfield><subfield code="2">fast</subfield><subfield code="0">(OCoLC)fst01218147</subfield></datafield><datafield ind1=" " ind2=" " tag="752"><subfield code="a">United States</subfield><subfield code="b">Indiana</subfield><subfield code="c">Marshall</subfield><subfield code="d">Plymouth.</subfield></datafield><datafield ind1="1" ind2=" " tag="775"><subfield code="t">Plymouth daily Republican</subfield><subfield code="w">(DLC)sn 87056256</subfield></datafield><datafield ind1="0" ind2="8" tag="776"><subfield code="i">Online version:</subfield><subfield code="t">Weekly Republican (Plymouth, Ind. : Online)</subfield><subfield code="x">2332-4473</subfield><subfield code="w">(DLC)  2013272098</subfield><subfield code="w">(OCoLC)862979678</subfield></datafield><datafield ind1="0" ind2="4" tag="780"><subfield code="t">Plymouth tribune (Plymouth, Ind.)</subfield><subfield code="x">2332-4449</subfield><subfield code="w">(DLC)sn 87056244</subfield><subfield code="w">(OCoLC)15807716</subfield></datafield><datafield ind1="0" ind2="4" tag="780"><subfield code="t">Weekly chronicle (Plymouth, Ind.)</subfield><subfield code="w">(DLC)sn 87056252</subfield><subfield code="w">(OCoLC)15807830</subfield></datafield><datafield ind1="4" ind2="1" tag="856"><subfield code="u">http://www.loc.gov/chroniclingamerica/lccn/sn87056245/issues</subfield></datafield></record>